@article{Yer71,
        author = "J. Yerushalmy",
        title = "The relationship of parentsâ€™ cigarette smoking to outcome
of pregnancy implications as to the problem of inferring causation from
observed associations",
        journal = "Am. J. Epidemiol",
        volume = "93",
        year = "1971",
        pages = "443--456",
}

@Book {MT90,
        author = "I. Merkatz and J. Thompson",
        title = "New Perspectives on Prenatal Care",
        publisher = "Elsevier, New York",
        year = "1990",
}

